\begin{thebibliography}

@ARTICLE{2005ApJS..160..450F,
       author = {{Flaccomio}, E. and {Micela}, G. and {Sciortino}, S. and {Feigelson}, E.~D. and {Herbst}, W. and {Favata}, F. and {Harnden}, F.~R., Jr. and {Vrtilek}, S.~D.},
        title = "{Rotational Modulation of X-Ray Emission in Orion Nebula Young Stars}",
      journal = {\apjs},
     keywords = {Galaxy: Open Clusters and Associations: Individual: Name: Orion Nebula Cluster, Stars: Activity, Stars: Low-Mass, Brown Dwarfs, Stars: Pre-Main-Sequence, X-Rays: Stars, Astrophysics},
         year = 2005,
        month = oct,
       volume = {160},
       number = {2},
        pages = {450-468},
          doi = {10.1086/432419},
archivePrefix = {arXiv},
       eprint = {astro-ph/0506164},
 primaryClass = {astro-ph},
       adsurl = {https://ui.adsabs.harvard.edu/abs/2005ApJS..160..450F},
      adsnote = {Provided by the SAO/NASA Astrophysics Data System}
}

@ARTICLE{par58,
       author = {{Parker}, E.~N.},
        title = "{Dynamics of the Interplanetary Gas and Magnetic Fields.}",
      journal = {\apj},
         year = 1958,
        month = nov,
       volume = {128},
        pages = {664},
          doi = {10.1086/146579},
       adsurl = {https://ui.adsabs.harvard.edu/abs/1958ApJ...128..664P},
      adsnote = {Provided by the SAO/NASA Astrophysics Data System}
}



\end{thebibliography}