@article{Mackenzie67,
    title = "Temperature Dependence of Positron Mean Lives in Metals",
    author = "Mackenzie, I.K et al.",
    year = 1967,
}

@book{Krause,
    title = "Positron Annihilation in Semi-conductors",
    author = "Krause-Rehberg, R.; Leipner, H.S",
    year = 1999,
    publisher = "Springer"
}

@article{PharmApp,
    title           = "Positron Annihilation Lifetime Spectroscopy as a Special Technique for the Solid-State Characterization of Pharmaceutical Excipients, Drug Delivery Systems, and Medical Devicesâ€”A Systematic Review",
    author          = "Shokoya, M.M. et al.",
    year            = 2023,
    doi             = {10.3390/ph16020252},
}

@article{Nuc,
    title           = {"Positron annihilation spectroscopy of defects in nuclear and irradiated 
materials- a review"}
    author          = {"Selim F.A"},
    year            = 2023,
    doi             = {10.3390/ph16020252},
}

@article{EFermi,
  author          = {Hautojarvi, P. and Corbel, C.},
  journal         = {Proceedings of the International School of Physics <<Enrico Fermi>>},
  title           = {Positron Spectroscopy of Defects in Metals and Semiconductors},
  volume          = {Course CXXV},
  year            = {1995}
}